<record><leader>00000cas a2200000 a 4500</leader><controlfield tag="001">26566269</controlfield><controlfield tag="008">920909d19901991mnuwr ne      0    0eng c</controlfield><datafield ind1=" " ind2=" " tag="010"><subfield code="a">sn 92058704 </subfield></datafield><datafield ind1=" " ind2=" " tag="040"><subfield code="a">MN#</subfield><subfield code="b">eng</subfield><subfield code="c">MN#</subfield><subfield code="d">MHN</subfield><subfield code="d">OCL</subfield><subfield code="d">OCLCQ</subfield><subfield code="d">OCLCF</subfield><subfield code="d">OCLCO</subfield></datafield><datafield ind1=" " ind2=" " tag="042"><subfield code="a">pcc</subfield></datafield><datafield ind1=" " ind2=" " tag="043"><subfield code="a">n-us-mn</subfield></datafield><datafield ind1=" " ind2=" " tag="052"><subfield code="a">4144</subfield><subfield code="b">H37</subfield><subfield code="b">L35</subfield><subfield code="b">M15</subfield><subfield code="b">P76</subfield></datafield><datafield ind1=" " ind2=" " tag="052"><subfield code="a">4143</subfield><subfield code="b">F5</subfield></datafield><datafield ind1="0" ind2="0" tag="245"><subfield code="a">Mabel record, Harmony news, Preston Republican, Lanesboro leader.</subfield></datafield><datafield ind1="3" ind2="0" tag="246"><subfield code="a">Record, news, Republican, leader</subfield></datafield><datafield ind1=" " ind2=" " tag="260"><subfield code="a">Mabel, MN :</subfield><subfield code="b">Martell Pub. Co.,</subfield><subfield code="c">1990-1991.</subfield></datafield><datafield ind1=" " ind2=" " tag="300"><subfield code="a">v. :</subfield><subfield code="b">ill.</subfield></datafield><datafield ind1=" " ind2=" " tag="310"><subfield code="a">Weekly</subfield></datafield><datafield ind1="0" ind2=" " tag="362"><subfield code="a">Vol. 131, no. 1 (Sept. 5, 1990)-v. 131, no. 47 (July 31, 1991).</subfield></datafield><datafield ind1=" " ind2=" " tag="530"><subfield code="a">Available on microfilm from the Minnesota Historical Society.</subfield></datafield><datafield ind1=" " ind2=" " tag="580"><subfield code="a">Publication suspended after July 31, 1991, due to fire. Resumed publication as two separate papers: Sept. 5, 1991, as: Republican-leader (Lanesboro, Minn.); and Nov. 6, 1991, as: Harmony news-Mabel record.</subfield></datafield><datafield ind1=" " ind2="0" tag="651"><subfield code="a">Mabel (Minn.)</subfield><subfield code="v">Newspapers.</subfield></datafield><datafield ind1=" " ind2="0" tag="651"><subfield code="a">Harmony (Minn.)</subfield><subfield code="v">Newspapers.</subfield></datafield><datafield ind1=" " ind2="0" tag="651"><subfield code="a">Preston (Minn.)</subfield><subfield code="v">Newspapers.</subfield></datafield><datafield ind1=" " ind2="0" tag="651"><subfield code="a">Lanesboro (Minn.)</subfield><subfield code="v">Newspapers.</subfield></datafield><datafield ind1=" " ind2="0" tag="651"><subfield code="a">Fillmore County (Minn.)</subfield><subfield code="v">Newspapers.</subfield></datafield><datafield ind1=" " ind2="7" tag="655"><subfield code="a">Newspapers.</subfield><subfield code="2">fast</subfield><subfield code="0">(OCoLC)fst01423814</subfield></datafield><datafield ind1=" " ind2="7" tag="651"><subfield code="a">Minnesota</subfield><subfield code="z">Fillmore County.</subfield><subfield code="2">fast</subfield><subfield code="0">(OCoLC)fst01214812</subfield></datafield><datafield ind1=" " ind2="7" tag="651"><subfield code="a">Minnesota</subfield><subfield code="z">Harmony.</subfield><subfield code="2">fast</subfield><subfield code="0">(OCoLC)fst01235956</subfield></datafield><datafield ind1=" " ind2="7" tag="651"><subfield code="a">Minnesota</subfield><subfield code="z">Lanesboro.</subfield><subfield code="2">fast</subfield><subfield code="0">(OCoLC)fst01233192</subfield></datafield><datafield ind1=" " ind2="7" tag="651"><subfield code="a">Minnesota</subfield><subfield code="z">Mabel.</subfield><subfield code="2">fast</subfield><subfield code="0">(OCoLC)fst01254504</subfield></datafield><datafield ind1=" " ind2="7" tag="651"><subfield code="a">Minnesota</subfield><subfield code="z">Preston.</subfield><subfield code="2">fast</subfield><subfield code="0">(OCoLC)fst01228687</subfield></datafield><datafield ind1=" " ind2=" " tag="752"><subfield code="a">United States</subfield><subfield code="b">Minnesota</subfield><subfield code="c">Fillmore</subfield><subfield code="d">Mabel.</subfield></datafield><datafield ind1=" " ind2=" " tag="752"><subfield code="a">United States</subfield><subfield code="b">Minnesota</subfield><subfield code="c">Fillmore</subfield><subfield code="d">Harmony.</subfield></datafield><datafield ind1=" " ind2=" " tag="752"><subfield code="a">United States</subfield><subfield code="b">Minnesota</subfield><subfield code="c">Fillmore</subfield><subfield code="d">Preston.</subfield></datafield><datafield ind1=" " ind2=" " tag="752"><subfield code="a">United States</subfield><subfield code="b">Minnesota</subfield><subfield code="c">Fillmore</subfield><subfield code="d">Lanesboro.</subfield></datafield><datafield ind1="0" ind2="4" tag="780"><subfield code="t">Mabel record-Harmony news</subfield><subfield code="w">(DLC)sn 89064664</subfield></datafield><datafield ind1="0" ind2="4" tag="780"><subfield code="t">Preston Republican, the Lanesboro leader</subfield><subfield code="w">(DLC)sn 92058703</subfield></datafield><datafield ind1="1" ind2="6" tag="785"><subfield code="t">Harmony news-Mabel record</subfield><subfield code="w">(DLC)sn 92058702</subfield></datafield><datafield ind1="1" ind2="6" tag="785"><subfield code="t">Republican-leader (Lanesboro, Minn.)</subfield><subfield code="w">(DLC)sn 92058701</subfield></datafield></record>